<record xmlns="http://www.loc.gov/MARC21/slim" xmlns:xsi="http://www.w3.org/2001/XMLSchema-instance" xsi:schemaLocation="http://www.loc.gov/MARC21/slim http://www.loc.gov/standards/marcxml/schema/MARC21slim.xsd"><leader>01395cz   2200277n  4500</leader><controlfield tag="001">oca01037469 </controlfield><controlfield tag="005">20020109101912.0</controlfield><controlfield tag="008">831213n| acannaabn          |a aaa      </controlfield><datafield ind1=" " ind2=" " tag="010"><subfield code="a">n  83236155 </subfield></datafield><datafield ind1=" " ind2=" " tag="040"><subfield code="a">DLC</subfield><subfield code="c">DLC</subfield><subfield code="d">DLC</subfield><subfield code="d">WU</subfield><subfield code="d">NjP</subfield></datafield><datafield ind1="1" ind2=" " tag="100"><subfield code="a">Frontinus, Sextus Julius</subfield></datafield><datafield ind1="1" ind2=" " tag="400"><subfield code="a">Frontino, Sesto Giulio</subfield></datafield><datafield ind1="1" ind2=" " tag="400"><subfield code="a">Frontini, Iuli</subfield></datafield><datafield ind1="1" ind2=" " tag="400"><subfield code="a">Frontino, Sexto Julio</subfield></datafield><datafield ind1="1" ind2=" " tag="400"><subfield code="a">Frontinus, Sex. Julius</subfield></datafield><datafield ind1=" " ind2=" " tag="670"><subfield code="a">Wasserversorgung im antiken Rom, 1982:</subfield><subfield code="b">t.p. (Sextus Iulius Frontinus) pref. (water commissioner of the city of Rome from A.D. 97-103)</subfield></datafield><datafield ind1=" " ind2=" " tag="670"><subfield code="a">LC data base, 12-7-83</subfield><subfield code="b">(hdg.: Frontinus, Sextus Julius)</subfield></datafield><datafield ind1=" " ind2=" " tag="670"><subfield code="a">Oxford class. dict., 1970</subfield><subfield code="b">(Frontinus, Sextus Julius; A.D. ca. 30-104)</subfield></datafield><datafield ind1=" " ind2=" " tag="670"><subfield code="a">WW Ancient World, 1971</subfield><subfield code="b">(Frontinus, Sextus Julius; A.D. ca. 30-ca. 103)</subfield></datafield><datafield ind1=" " ind2=" " tag="670"><subfield code="a">Encycl. Brit., 1972</subfield><subfield code="b">(Frontinus, Sextus Julius; ca. 35-ca. 103; Roman soldier and writer)</subfield></datafield><datafield ind1=" " ind2=" " tag="670"><subfield code="a">Pauly-Wissowa</subfield><subfield code="b">(Frontinus, Sextus Julius; ca. 75)</subfield></datafield><datafield ind1=" " ind2=" " tag="670"><subfield code="a">His De agri mensura, 1983- :</subfield><subfield code="b">v. 1, t.p. (Frontino) p. 38 (Sextus Iulius Frontinus)</subfield></datafield><datafield ind1=" " ind2=" " tag="670"><subfield code="a">His Strategemata, 1990:</subfield><subfield code="b">t.p. (Iuli Frontini)</subfield></datafield><datafield ind1=" " ind2=" " tag="670"><subfield code="a">His Gli acquedotti di Roma, 1997:</subfield><subfield code="b">t.p. (Sesto Giulio Frontino)</subfield></datafield><datafield ind1=" " ind2=" " tag="670"><subfield code="a">Texto y concordancias de Biblioteca Nacional de Madrid ... 1992:</subfield><subfield code="b">guide, t.p. (Sexto Julio Frontino)</subfield></datafield><datafield ind1=" " ind2=" " tag="670"><subfield code="a">De aquaeductu urbis Romae, 1998:</subfield><subfield code="b">t.p. (Sex. Julii Frontini)</subfield></datafield></record>